@article{datasetdistillation,
  title={Dataset distillation},
  author={Wang, Tongzhou and Zhu, Jun-Yan and Torralba, Antonio and Efros, Alexei A},
  journal={arXiv preprint arXiv:1811.10959},
  year={2018}
}

@inproceedings{al1,
  title={Building an active palmprint recognition system},
  author={Du, Xuefeng and Zhong, Dexing and Shao, Huikai},
  booktitle={2019 IEEE International Conference on Image Processing (ICIP)},
  pages={1685--1689},
  year={2019},
  organization={IEEE}
}

@inproceedings{al2,
  title={Deep bayesian active learning with image data},
  author={Gal, Yarin and Islam, Riashat and Ghahramani, Zoubin},
  booktitle={International Conference on Machine Learning},
  pages={1183--1192},
  year={2017},
  organization={PMLR}
}

@inproceedings{al3,
  title={Deep active learning for biased datasets via fisher kernel self-supervision},
  author={Gudovskiy, Denis and Hodgkinson, Alec and Yamaguchi, Takuya and Tsukizawa, Sotaro},
  booktitle={Proceedings of the IEEE/CVF Conference on Computer Vision and Pattern Recognition},
  pages={9041--9049},
  year={2020}
}

@inproceedings{al4,
  title={Active learning for deep detection neural networks},
  author={Aghdam, Hamed H and Gonzalez-Garcia, Abel and Weijer, Joost van de and L{\'o}pez, Antonio M},
  booktitle={Proceedings of the IEEE/CVF International Conference on Computer Vision},
  pages={3672--3680},
  year={2019}
}


